@book{Anderson2008sea,
  author={Anderson, Ross J.},
  title={Security Engineering},
  subtitle={A guide to building dependable distributed systems},
  publisher={Wiley},
  address={Indianapolis, IN},
  year={2008},
  edition={2},
  ISBN={978-0-470-06852-6 (hbk.)},
  URL={http://www.cl.cam.ac.uk/~rja14/book.html},
  keywords={IT-s{\"a}kerhet},
}
@book{Gollmann2011cs,
  author={Gollmann, Dieter},
  title={Computer Security},
  publisher={Wiley},
  address={Chichester, West Sussex, U.K.},
  year={2011},
  edition={3},
  ISBN={9780470741153 (pbk.)},
  keywords={IT-s{\"a}kerhet},
}

@book{hansen1973operating,
  title={Operating system principles},
  author={Hansen, Per Brinch},
  year={1973},
  publisher={Prentice-Hall, Inc.}
}

@Inbook{ComputerSecurityExperiments,
  author="Peisert, Sean
      and Bishop, Matt",
  editor="Futcher, Lynn
      and Dodge, Ronald",
  title="How to Design Computer Security Experiments",
  bookTitle="Fifth World Conference on Information Security Education: Proceedings of the IFIP TC11 WG 11.8, WISE 5, 19 to 21 June 2007, United States Military Academy, West Point, New York, USA",
  year="2007",
  publisher="Springer US",
  address="Boston, MA",
  pages="141--148",
  isbn="978-0-387-73269-5",
  doi="10.1007/978-0-387-73269-5_19",
  url="http://web.cs.ucdavis.edu/~peisert/research/Peisert-WISE2007-SecurityExperiments.pdf",
}

